<record><leader>00000cas a2200000 i 4500</leader><controlfield tag="001">861746306</controlfield><controlfield tag="006">m     o  d        </controlfield><controlfield tag="007">cr |||||||||||</controlfield><controlfield tag="008">131030d18451913vtuwr neo     0   a0eng  </controlfield><datafield ind1=" " ind2=" " tag="010"><subfield code="a">  2013272056</subfield></datafield><datafield ind1=" " ind2=" " tag="040"><subfield code="a">DLC</subfield><subfield code="b">eng</subfield><subfield code="e">rda</subfield><subfield code="c">DLC</subfield><subfield code="d">DLC</subfield><subfield code="d">OCLCF</subfield></datafield><datafield ind1="0" ind2=" " tag="022"><subfield code="a">2331-7825</subfield><subfield code="2">1</subfield></datafield><datafield ind1="1" ind2=" " tag="029"><subfield code="a">NZ1</subfield><subfield code="b">15124759</subfield></datafield><datafield ind1=" " ind2=" " tag="042"><subfield code="a">pcc</subfield><subfield code="a">nsdp</subfield></datafield><datafield ind1=" " ind2=" " tag="043"><subfield code="a">n-us-vt</subfield></datafield><datafield ind1="1" ind2="0" tag="050"><subfield code="a">ISSN RECORD</subfield></datafield><datafield ind1="0" ind2="0" tag="082"><subfield code="a">071</subfield><subfield code="2">23</subfield></datafield><datafield ind1="0" ind2=" " tag="130"><subfield code="a">Spirit of the age (Woodstock, Vt. : 1845 : Online)</subfield></datafield><datafield ind1=" " ind2="0" tag="222"><subfield code="a">Spirit of the age</subfield><subfield code="b">(Woodstock, Vt. 1845. Online)</subfield></datafield><datafield ind1="1" ind2="0" tag="245"><subfield code="a">Spirit of the age.</subfield></datafield><datafield ind1="1" ind2=" " tag="246"><subfield code="i">Issues for Dec. 6-13, 1876 called:</subfield><subfield code="a">Woodstock age</subfield></datafield><datafield ind1=" " ind2="1" tag="264"><subfield code="a">Woodstock, Vermont :</subfield><subfield code="b">E. A. Kimball</subfield></datafield><datafield ind1=" " ind2=" " tag="310"><subfield code="a">Weekly</subfield></datafield><datafield ind1=" " ind2=" " tag="336"><subfield code="a">text</subfield><subfield code="b">txt</subfield><subfield code="2">rdacontent</subfield></datafield><datafield ind1=" " ind2=" " tag="337"><subfield code="a">unmediated</subfield><subfield code="b">n</subfield><subfield code="2">rdamedia</subfield></datafield><datafield ind1=" " ind2=" " tag="338"><subfield code="a">volume</subfield><subfield code="b">nc</subfield><subfield code="2">rdacarrier</subfield></datafield><datafield ind1="1" ind2=" " tag="362"><subfield code="a">Began Nov. 13,1845. Ceased in July 1913?</subfield></datafield><datafield ind1=" " ind2=" " tag="500"><subfield code="a">Phrase "Spirit of" appears in title ornament, 1845-1846.</subfield></datafield><datafield ind1=" " ind2=" " tag="500"><subfield code="a">Publishers: E.M. Brown, 1847-&lt;1860&gt;; William D. McMaster, &lt;1861&gt;, &lt;1873&gt;; E.C. Dana, &lt;1913&gt;.</subfield></datafield><datafield ind1=" " ind2=" " tag="500"><subfield code="a">Editors: E.M. Brown, 1847-&lt;1860&gt;; W.D. McMaster, &lt;1865&gt;.</subfield></datafield><datafield ind1=" " ind2=" " tag="500"><subfield code="a">"The People's Rights -- A Representative Democracy--The Constitution and the Union without Infractionsrf &lt;1850&gt;.</subfield></datafield><datafield ind1=" " ind2=" " tag="588"><subfield code="a">Description based on: Volume 7, number 50, whole number 334 (October 26, 1846); title from masthead (Chroniclingamerica.loc.gov, viewed October 30, 2013).</subfield></datafield><datafield ind1=" " ind2=" " tag="588"><subfield code="a">Latest issue consulted: Vol. LI, no. 12, whole no. 4515 (July 26, 1913) (Chroniclingamerica.loc.gov, viewed October 30, 2013).</subfield></datafield><datafield ind1=" " ind2="0" tag="651"><subfield code="a">Woodstock (Vt.)</subfield><subfield code="v">Newspapers.</subfield></datafield><datafield ind1=" " ind2="0" tag="651"><subfield code="a">Windsor County (Vt.)</subfield><subfield code="v">Newspapers.</subfield></datafield><datafield ind1=" " ind2="0" tag="651"><subfield code="a">Vermont</subfield><subfield code="v">Newspapers.</subfield></datafield><datafield ind1=" " ind2="7" tag="655"><subfield code="a">Newspapers.</subfield><subfield code="2">fast</subfield><subfield code="0">(OCoLC)fst01423814</subfield></datafield><datafield ind1=" " ind2="7" tag="651"><subfield code="a">Vermont.</subfield><subfield code="2">fast</subfield><subfield code="0">(OCoLC)fst01204305</subfield></datafield><datafield ind1=" " ind2="7" tag="651"><subfield code="a">Vermont</subfield><subfield code="z">Windsor County.</subfield><subfield code="2">fast</subfield><subfield code="0">(OCoLC)fst01215300</subfield></datafield><datafield ind1=" " ind2="7" tag="651"><subfield code="a">Vermont</subfield><subfield code="z">Woodstock.</subfield><subfield code="2">fast</subfield><subfield code="0">(OCoLC)fst01211519</subfield></datafield><datafield ind1="1" ind2=" " tag="700"><subfield code="a">Brown, Edward M.</subfield></datafield><datafield ind1="1" ind2=" " tag="700"><subfield code="a">McMaster, William D.,</subfield><subfield code="d">1833-</subfield></datafield><datafield ind1=" " ind2=" " tag="752"><subfield code="a">United States</subfield><subfield code="b">Vermont</subfield><subfield code="c">Windsor</subfield><subfield code="d">Woodstock.</subfield></datafield><datafield ind1="0" ind2="8" tag="776"><subfield code="i">Originally issued in print:</subfield><subfield code="t">Spirit of the age (Woodstock, Vt. : 1845 )</subfield><subfield code="x">2331-7817</subfield><subfield code="w">(DLC)sn 84023296</subfield><subfield code="w">(OCoLC)10858231</subfield></datafield><datafield ind1="0" ind2="0" tag="780"><subfield code="t">Woodstock age (Online)</subfield><subfield code="x">2331-7779</subfield><subfield code="w">(DLC)  2013272055</subfield><subfield code="w">(OCoLC)861743953</subfield></datafield><datafield ind1="0" ind2="0" tag="785"><subfield code="t">Elm tree monthly (Online)</subfield></datafield><datafield ind1="4" ind2="0" tag="856"><subfield code="u">http://chroniclingamerica.loc.gov/lccn/sn84023296/issues/</subfield></datafield></record>